<record><leader>00000cas a22000007a 4500</leader><controlfield tag="001">38505625</controlfield><controlfield tag="008">980225d1978198umauwr ne      0    0eng d</controlfield><controlfield tag="009">9107</controlfield><datafield ind1=" " ind2=" " tag="010"><subfield code="a">sn 97068878 </subfield></datafield><datafield ind1=" " ind2=" " tag="040"><subfield code="a">MGN</subfield><subfield code="b">eng</subfield><subfield code="c">MGN</subfield></datafield><datafield ind1=" " ind2=" " tag="042"><subfield code="a">msc</subfield></datafield><datafield ind1="0" ind2="0" tag="245"><subfield code="a">Villager-journal.</subfield></datafield><datafield ind1="3" ind2=" " tag="246"><subfield code="a">Villager journal</subfield></datafield><datafield ind1=" " ind2=" " tag="260"><subfield code="a">Middleboro, Mass. :</subfield><subfield code="b">Southeastern Pub. Co.,</subfield></datafield><datafield ind1=" " ind2=" " tag="300"><subfield code="a">v.</subfield></datafield><datafield ind1=" " ind2=" " tag="310"><subfield code="a">Weekly</subfield></datafield><datafield ind1="0" ind2=" " tag="362"><subfield code="a">Vol. 14, no. 25 (June 22, 1978)-</subfield></datafield><datafield ind1=" " ind2=" " tag="752"><subfield code="a">United States</subfield><subfield code="b">Massachusetts</subfield><subfield code="c">Plymouth</subfield><subfield code="d">Middleborough.</subfield></datafield><datafield ind1="0" ind2="4" tag="780"><subfield code="t">Villager (Freetown, Mass.)</subfield><subfield code="w">(DLC)sn 89062018</subfield></datafield><datafield ind1="0" ind2="4" tag="780"><subfield code="t">Nemasket River journal</subfield><subfield code="w">(DLC)sn 97068896</subfield></datafield></record>